<collection xmlns="http://www.loc.gov/MARC21/slim">
<record>
  <leader>01105ncm0a22002531i 450 </leader>
  <controlfield tag="001">IT\ICCU\CNCE\046576</controlfield>
  <controlfield tag="005">19990315000000.0</controlfield>
  <datafield tag="100" ind1=" " ind2=" ">
    <subfield code="a">19990120d1595        0itac0103    ba</subfield>
  </datafield>
  <datafield tag="101" ind1=" " ind2=" ">
    <subfield code="a">ITA</subfield>
  </datafield>
  <datafield tag="102" ind1=" " ind2=" ">
    <subfield code="a">IT</subfield>
  </datafield>
  <datafield tag="200" ind1="1" ind2=" ">
    <subfield code="a">Primo libro de madrigali a cinque voci di Giouan Domenico Montella napolitano</subfield>
  </datafield>
  <datafield tag="210" ind1=" " ind2=" ">
    <subfield code="a">Napoli</subfield>
    <subfield code="c">Felice Stigliola</subfield>
    <subfield code="d">1595</subfield>
  </datafield>
  <datafield tag="215" ind1=" " ind2=" ">
    <subfield code="a">5 fasc.</subfield>
    <subfield code="d">4ʻ</subfield>
  </datafield>
  <datafield tag="300" ind1=" " ind2=" ">
    <subfield code="a">S, A, T, B, 5</subfield>
  </datafield>
  <datafield tag="620" ind1=" " ind2=" ">
    <subfield code="a">IT</subfield>
    <subfield code="d">Napoli</subfield>
  </datafield>
  <datafield tag="700" ind1=" " ind2="1">
    <subfield code="a">Montella,</subfield>
    <subfield code="b">Giovanni Domenico</subfield>
    <subfield code="3">IT\ICCU\CNCA\012123</subfield>
  </datafield>
  <datafield tag="712" ind1="0" ind2="0">
    <subfield code="a">Stigliola, Felice</subfield>
    <subfield code="3">IT\ICCU\CNCT\000606</subfield>
    <subfield code="4">650</subfield>
  </datafield>
  <datafield tag="790" ind1=" " ind2="1">
    <subfield code="a">Montelli,</subfield>
    <subfield code="b">Giovanni Domenico</subfield>
    <subfield code="3">IT\ICCU\CNCA\021402</subfield>
    <subfield code="z">Montella, Giovanni Domenico</subfield>
  </datafield>
  <datafield tag="791" ind1="0" ind2="2">
    <subfield code="a">℗a ℗Porta Regale</subfield>
    <subfield code="c"> &lt;1595-1600&gt;</subfield>
    <subfield code="3">IT\ICCU\CNCT\004105</subfield>
    <subfield code="z">Stigliola, Felice</subfield>
  </datafield>
  <datafield tag="791" ind1="0" ind2="2">
    <subfield code="a">Typographia Stelliolae</subfield>
    <subfield code="c"> &lt;1595-1600&gt;</subfield>
    <subfield code="3">IT\ICCU\CNCT\005745</subfield>
    <subfield code="z">Stigliola, Felice</subfield>
  </datafield>
  <datafield tag="791" ind1="0" ind2="2">
    <subfield code="a">Stamperia dello Stigliola</subfield>
    <subfield code="c"> &lt;1595-1600&gt;</subfield>
    <subfield code="3">IT\ICCU\CNCT\005748</subfield>
    <subfield code="z">Stigliola, Felice</subfield>
  </datafield>
  <datafield tag="801" ind1=" " ind2="3">
    <subfield code="a">IT</subfield>
    <subfield code="b">ICCU</subfield>
    <subfield code="c">20201115</subfield>
  </datafield>
  <datafield tag="899" ind1=" " ind2=" ">
    <subfield code="a">Museo Internazionale e Biblioteca della Musica. Bologna</subfield>
    <subfield code="z">(S)</subfield>
    <subfield code="1">BO0310</subfield>
    <subfield code="2">UBO BM</subfield>
  </datafield>
  <datafield tag="899" ind1=" " ind2=" ">
    <subfield code="a">Biblioteca Estense Universitaria. Modena</subfield>
    <subfield code="1">MO0089</subfield>
    <subfield code="2">MOD BE</subfield>
  </datafield>
</record>
</collection>
